% http://nschloe.blogspot.de/2009/06/bibtex-how-to-cite-website_21.html

@online{gablerdint,
	Author = {{Gabler Verlag (Herausgeber)}},
	Title = {Gabler Wirtschaftslexikon, Stichwort: Datenintegration},
	Howpublished = {online im Internet},
	URL = {http://wirtschaftslexikon.gabler.de/Archiv/74965/datenintegration-v5.html},
	note = {Stand 13.12.2012 }
}
% gablerdint
@online{gablerfint,
	Author = {{Gabler Verlag (Herausgeber)}},
	Title = {Gabler Wirtschaftslexikon, Stichwort: Funktionsintegration},
	Howpublished = {online im Internet},
	URL = {http://www.wirtschaftslexikon.gabler.de/Archiv/74934/funktionsintegration-v5.html},
	note = {Stand 13.12.2012 }
}
% gablerfint
@online{gablersoa,
	Author = {{Gabler Verlag (Herausgeber)}},
	Title = {Gabler Wirtschaftslexikon, Stichwort: SOA},
	Howpublished = {online im Internet},
	URL = {http://www.wirtschaftslexikon.gabler.de/Archiv/76895/soa-v5.html},
	note = {Stand 29.12.2012 }
}
% gablersoa
@online{dudenint,
	Author = {{Verlag Bibliographisches Institut GmbH (Herausgeber)}},
	Title = {Duden online, Stichwort: Integration},
	Howpublished = {online im Internet},
	URL = {http://www.duden.de/rechtschreibung/Integration},
	note = {Stand 13.12.2012 }
}
% dudenint
@misc{cultuzz,
	Author = {{Cultuzz Digital Media GmbH}},
	Title = {Cultswitch Model},
	Howpublished = {online im Internet},
	URL = {http://www.cultuzz.com/cultswitch-model},
	note = {Stand 27.12.2012 }
}
% cultuzz

@online{itwmiddle,
	Author = {{DATACOM Buchverlag GmbH (Herausgeber)}},
	Title = {ITWissen.info, Stichwort: Middleware},
	Howpublished = {online im Internet},
	URL = {http://itwissen.info/definition/lexikon/Middleware-middleware.html},
	note = {Stand 29.12.2012 }
}
% itwmiddle

@online{otafaq,
	Author = {{OpenTravell Alliance}},
	Title = {FAQ about OpenTravel},
	Howpublished = {online im Internet},
	URL = {http://www.opentravel.org/AboutUs/FAQ.aspx},
	note = {Stand 30.12.2012 }
}
% otafaq
@online{amadeusir,
	Author = {{Amadeus IT Group SA}},
	Title = {Amadeus Interface Record},
	Howpublished = {online im Internet},
	URL = {http://www.amadeus.com/jo/x214955.html},
	note = {Stand 30.12.2012 }
}
% amadeusir

@BOOK{staud,
	AUTHOR = {Staud},
	YEAR = {2010},
	TITLE = {Konzepte Betrieblicher Anwendungssysteme},
	PUBLISHER = {AKAD. Die Privathochschulen GmbH},
	ADDRESS = {Stuttgart}
}
%staud
@BOOK{graeff,
	AUTHOR = {Gr"aff},
	YEAR = {2012},
	TITLE = {Betriebswirtschaftliche Standardsoftware und Enterprise Application
Integration (EAI), Begleitmaterial zum AKAD-Modul ANS09},
	PUBLISHER = {AKAD. Die Privathochschulen GmbH},
	ADDRESS = {Stuttgart}
}
%staud

@BOOK{goerlich,
	AUTHOR = {Goerlich},
	YEAR = {2008},
	TITLE = {Das Revenue--Management Buch},
	PUBLISHER = {Interhoga GmbH},
	ADDRESS = {Bonn}
}
%staud
